%%\begin{thebibliography}{9}
@ARTICLE{Quinlan1990,
Author = {Quinlan, J.R.},
Title = {Learning Logical Definitions from Relations},
Journal = {Machine Learning},
Year = {1990},
Number = {5},
Pages={239--266}
} %%%              Machine Learning, 5, 239-266 (1990)
@INCOLLECTION{Quinlan1993,
Author = {Quinlan, J.R. AND Cameron-Jones, R.M.},
Title = {FOIL: A Midterm Report},
Year = {1993},
booktitle = {Machine Learning: ECML-93},
Publisher={Springer-Verlag},
Address={Berlin, Heidelberg},
Eds={Pavel B. Brazdil},
Pages = {3-20}
}
@ARTICLE{Quinlan1995,
Author = {Quinlan, J.R. and Cameron-Jones, R.M.},
Title = {Induction of Logic Programs: FOIL and Related Systems},
Journal = {New Generation Computing},
Volume={13},
Number= {3},
Pages = {287-312},
Year = {1995},
}
@Article{Pazzani1992,
author="Pazzani, M.
and Kibler, D.",
title="The Utility of Knowledge in Inductive Learning",
journal="Machine Learning",
year="1992",
volume="9",
number="1",
pages="57--94"
}
@article{Muggleton1994,
author = "Muggleton, S. and De Raedt, L.",
title = "Inductive Logic Programming: Theory and methods",
journal = "The Journal of Logic Programming",
volume = "19(20)",
pages = "629-679",
year = "1994"
}
@INCOLLECTION{Horvath2016,
Author = {Horvath, T.},
Title = {Learning in Logic \textrm{V}},
booktitle = {Learning from Non-Standard Data, WS 2016/17},
Publisher={University of Bonn, Fraunhofer IAIS, Sankt Augustin, Germany},
Year = {2016}
}
%%\end{thebibliography}
